
@ARTICLE{Ahuja_1982,
author="Ahuja, Narendra",
journal="Pattern Analysis and Machine Intelligence, IEEE Transactions on",
title="Dot Pattern Processing Using Voronoi Neighborhoods",
year="1982",
month="May",
volume="PAMI-4",
number="3",
pages="336-343",
keywords="Air traffic control;Cameras;Color;Computational complexity;Data mining;Layout;Pattern analysis;Pattern matching;Pattern recognition;Tree graphs;Clustering;Gabriel graph;Voronoi tessellation;computational complexity;dot patterns;k-nearest neighbors;matching;minimal spanning tree;neighborhood;neighbors;perceptual boundary extraction;relative neighborhood graph",
doi="10.1109/TPAMI.1982.4767255",
ISSN="0162-8828",}

@ARTICLE{Ahuja_1996,
author="Ahuja, N.",
journal="Pattern Analysis and Machine Intelligence, IEEE Transactions on",
title="A transform for multiscale image segmentation by integrated edge and region detection",
year="1996",
month="Dec",
volume="18",
number="12",
pages="1211-1235",
keywords="edge detection;image segmentation;transforms;attraction force field;convergent flow;geometric scales;integrated edge detection;low-level image segmentation;multiscale image segmentation transform;multiscale signal decimation;photometric scales;piecewise-constant images;region detection;segmentation tree;Computer Society;Convolution;Image analysis;Image converters;Image edge detection;Image segmentation;Photometry;Pixel;Shape;Vectors",
doi="10.1109/34.546258",
ISSN="0162-8828",}

@INPROCEEDINGS{Ahuja_2007,
author="Ahuja, N. and Todorovic, S.",
booktitle="Computer Vision, 2007. ICCV 2007. IEEE 11th International Conference on",
title="Learning the Taxonomy and Models of Categories Present in Arbitrary Images",
year="2007",
month="Oct",
pages="1-8",
keywords="directed graphs;image matching;image recognition;image segmentation;arbitrary image;cross-category resolvability;directed acyclic graph;four-legged animal;image detection;image matching;image recognition;image segmentation tree;image tree;recursive embedding;taxonomy;Animals;Image recognition;Image segmentation;Leg;Object detection;Photometry;Shape;Taxonomy;Topology;Tree graphs",
doi="10.1109/ICCV.2007.4409039",
ISSN="1550-5499",}

@INPROCEEDINGS{Bouchard_2005,
author={Bouchard, G. and Triggs, B.},
booktitle={Computer Vision and Pattern Recognition, 2005. CVPR 2005. IEEE Computer Society Conference on},
title={Hierarchical part-based visual object categorization},
year={2005},
month={June},
volume={1},
pages={710-715 vol. 1},
keywords={computational geometry;image classification;probability;expectation-maximization;generative model;hierarchical part-based visual object categorization;location-scale pyramids;probabilistic spatial relations;robust bottom-up voting;scale invariant keypoint based local features;Biological system modeling;Computer vision;Design methodology;Detectors;Geometry;Humans;Joining processes;Robustness;Shape;Solid modeling},
doi={10.1109/CVPR.2005.174},
ISSN={1063-6919},}

@INPROCEEDINGS{Liangliang_2007,
author="Liangliang Cao and Li Fei-Fei",
booktitle="Computer Vision, 2007. ICCV 2007. IEEE 11th International Conference on",
title="Spatially Coherent Latent Topic Model for Concurrent Segmentation and Classification of Objects and Scenes",
year="2007",
month="Oct",
pages="1-8",
keywords="image classification;image representation;image segmentation;concurrent segmentation;generative models;image representation;latent dirichlet allocation;object classification;over-segmented image regions;probabilistic latent semantic analysis;salient image patches;scene classification;spatially coherent latent topic model;Computational efficiency;Computer vision;Detectors;Image recognition;Image segmentation;Layout;Linear discriminant analysis;Spatial coherence;Text analysis;Vocabulary",
doi="10.1109/ICCV.2007.4408965",
ISSN="1550-5499",}

@inproceedings{Carneiro_2006,
 author = "Carneiro, Gustavo and Lowe, David",
 title = "Sparse Flexible Models of Local Features",
 booktitle = "Proceedings of the 9th European Conference on Computer Vision - Volume Part III",
 series = "ECCV'06",
 year = "2006",
 isbn = "3-540-33836-5, 978-3-540-33836-9",
 location = "Graz, Austria",
 pages = "29--43",
 numpages = "15",
 doi = "10.1007/11744078_3",
 acmid = "2129564",
 publisher = "Springer-Verlag",
 address = "Berlin, Heidelberg",
}

@INPROCEEDINGS{Hong_2006,
author="Hong Chen and Zi Jian Xu and Zi Qiang Liu and Song-Chun Zhu",
booktitle="Computer Vision and Pattern Recognition, 2006 IEEE Computer Society Conference on",
title="Composite Templates for Cloth Modeling and Sketching",
year="2006",
month="June",
volume="1",
pages="943-950",
keywords="Computer graphics;Computer science;Context modeling;Footwear;Humans;Photometry;Statistics;Stochastic processes;Supervised learning;Switches",
doi="10.1109/CVPR.2006.81",
ISSN="1063-6919",}

@INPROCEEDINGS{Crandall_2005,
author="Crandall, D. and Felzenszwalb, P. and Huttenlocher, D.",
booktitle="Computer Vision and Pattern Recognition, 2005. CVPR 2005. IEEE Computer Society Conference on",
title="Spatial priors for part-based recognition using statistical models",
year="2005",
month="June",
volume="1",
pages="10-17 vol. 1",
keywords="Gaussian processes;geometry;object recognition;statistical analysis;Gaussian model;object classes;part-based object recognition;spatial constraint;spatial priors;spatial structure;statistical model;substantial geometric structure;tree-structured model;Airplanes;Computational complexity;Computational efficiency;Face detection;Graphical models;Humans;Motorcycles;Object detection;Object recognition;Tree graphs",
doi="10.1109/CVPR.2005.329",
ISSN="1063-6919",}

@INPROCEEDINGS{Epshtein_2007,
author="Epshtein, B. and Ullman, S.",
booktitle="Computer Vision and Pattern Recognition, 2007. CVPR '07. IEEE Conference on",
title="Semantic Hierarchies for Recognizing Objects and Parts",
year="2007",
month="June",
pages="1-8",
keywords="object detection;object recognition;bottom-up top-down cycle;minimal feature hierarchy;object recognition;semantic hierarchies;Computer science;Graphical models;Horses;Lighting;Mathematics;Mouth;Nose;Object detection;Probability distribution;Shape",
doi="10.1109/CVPR.2007.383086",
ISSN="1063-6919",}

@INPROCEEDINGS{Fergus_2003,
author="Fergus, R. and Perona, P. and Zisserman, A.",
booktitle="Computer Vision and Pattern Recognition, 2003. Proceedings. 2003 IEEE Computer Society Conference on",
title="Object class recognition by unsupervised scale-invariant learning",
year="2003",
month="June",
volume="2",
pages="II-264-II-271 vol.2",
keywords="Bayes methods;feature extraction;image classification;image representation;learning (artificial intelligence);maximum entropy methods;maximum likelihood estimation;object recognition;optimisation;Bayesian classification;entropy-based feature detection;expectation-maximization;flexible model;flexible object;geometrically constrained class;image classification;image region selection;maximum-likelihood setting;object appearance;object aspect;object class model;object class recognition;object modeling;object occlusion;object shape;parameter learning;probabilistic representation;relative scale;scale invariant manner;scale-invariant object model estimation;unlabeled cluttered scene;unsegmented cluttered scene;unsupervised scale-invariant learning;Animals;Bayesian methods;Computer vision;Detectors;Image recognition;Layout;Maximum likelihood detection;Maximum likelihood estimation;Shape;Solid modeling",
doi="10.1109/CVPR.2003.1211479",
ISSN="1063-6919",}

@INPROCEEDINGS{Fidler_2007,
author="Fidler, S. and Leonardis, A.",
booktitle="Computer Vision and Pattern Recognition, 2007. CVPR '07. IEEE Conference on",
title="Towards Scalable Representations of Object Categories: Learning a Hierarchy of Parts",
year="2007",
month="June",
pages="1-8",
keywords="image representation;object detection;object recognition;category representation;hierarchical representation;object categories;object detection;object recognition;scalable representations;Biological systems;Buildings;Fires;Hierarchical systems;Indexing;Information science;Noise robustness;Object detection;Prototypes;Statistics",
doi="10.1109/CVPR.2007.383269",
ISSN="1063-6919",}

@article{Glantz_2004,
author = "GLANTZ, ROLAND and PELILLO, MARCELLO and KROPATSCH, WALTER G.",
title = "MATCHING SEGMENTATION HIERARCHIES",
journal = "International Journal of Pattern Recognition and Artificial Intelligence",
volume = "18",
number = "03",
pages = "397-424",
year = "2004",
doi = "10.1142/S0218001404003265",
eprint = "http://www.worldscientific.com/doi/pdf/10.1142/S0218001404003265"
}

@INPROCEEDINGS{Ya_2006,
author="Ya Jin and Geman, Stuart",
booktitle="Computer Vision and Pattern Recognition, 2006 IEEE Computer Society Conference on",
title="Context and Hierarchy in a Probabilistic Image Model",
year="2006",
month="",
volume="2",
pages="2145-2152",
keywords="Airports;Bayesian methods;Biological system modeling;Computer vision;Context modeling;Layout;Licenses;Machine vision;Mathematical model;Mathematics",
doi="10.1109/CVPR.2006.86",
ISSN="1063-6919",}

@incollection{Levinshtein_2005,
year="2005",
isbn="978-3-540-30287-2",
booktitle="Energy Minimization Methods in Computer Vision and Pattern Recognition",
volume="3757",
series="Lecture Notes in Computer Science",
editor="Rangarajan, Anand and Vemuri, Baba and Yuille, AlanL.",
doi="10.1007/11585978_17",
title="Learning Hierarchical Shape Models from Examples",
publisher="Springer Berlin Heidelberg",
author="Levinshtein, Alex and Sminchisescu, Cristian and Dickinson, Sven",
pages="251-267",
language="English"
}

@INPROCEEDINGS{Ommer_2007,
author="Ommer, B. and Buhmann, J.M.",
booktitle="Computer Vision and Pattern Recognition, 2007. CVPR '07. IEEE Conference on",
title="Learning the Compositional Nature of Visual Objects",
year="2007",
month="June",
pages="1-8",
keywords="image recognition;image representation;inference mechanisms;statistical distributions;compositional nature;feature sharing;inference;level object recognition system;probability distributions;representation complexity;visual objects;Bayesian methods;Cognition;Graphical models;Humans;Layout;Licenses;Object recognition;Probability distribution;Rendering (computer graphics);Shape",
doi="10.1109/CVPR.2007.383154",
ISSN="1063-6919",}

@ARTICLE{Pelillo_1999,
author="Pelillo, M. and Siddiqi, K. and Zucker, S.W.",
journal="Pattern Analysis and Machine Intelligence, IEEE Transactions on",
title="Matching hierarchical structures using association graphs",
year="1999",
month="Nov",
volume="21",
number="11",
pages="1105-1120",
keywords="computer vision;optimisation;pattern matching;trees (mathematics);Motzkin-Straus theorem;articulated shapes;association graphs;attributed trees;computer vision problems;connectivity;deformed shapes;hierarchical structures;indefinite quadratic program;maximal clique;maximal subtree isomorphisms;relational structures;replicator dynamical systems;shock trees;tree matching problem;weighted graphs;Computer science;Computer vision;Electric shock;Helium;Machine intelligence;Mathematics;Shape;Systems biology;Topology;Tree graphs",
doi="10.1109/34.809105",
ISSN="0162-8828",}

@INPROCEEDINGS{Russell_2006,
author="Russell, B.C. and Freeman, W.T. and Efros, A.A. and Sivic, J. and Zisserman, A.",
booktitle="Computer Vision and Pattern Recognition, 2006 IEEE Computer Society Conference on",
title="Using Multiple Segmentations to Discover Objects and their Extent in Image Collections",
year="2006",
month="",
volume="2",
pages="1605-1614",
keywords="Artificial intelligence;Computer science;Concrete;Image recognition;Image segmentation;Information retrieval;Laboratories;Layout;Object recognition;Text analysis",
doi="10.1109/CVPR.2006.326",
ISSN="1063-6919",}

@article{Shokoufandeh_2006,
title = "The representation and matching of categorical shape ",
journal = "Computer Vision and Image Understanding ",
volume = "103",
number = "2",
pages = "139 - 154",
year = "2006",
note = "",
issn = "1077-3142",
doi = "http://dx.doi.org/10.1016/j.cviu.2006.05.001",
author = "Ali Shokoufandeh and Lars Bretzner and Diego Macrini and M. Fatih Demirci and Clas Jönsson and Sven Dickinson",
keywords = "Generic object recognition",
keywords = "Shape categorization",
keywords = "Graph matching",
keywords = "Scale-spaces",
keywords = "Spectral graph theory "
}

@INPROCEEDINGS{Todorovic_2006,
author="Todorovic, S. and Ahuja, N.",
booktitle="Computer Vision and Pattern Recognition, 2006 IEEE Computer Society Conference on",
title="Extracting Subimages of an Unknown Category from a Set of Images",
year="2006",
month="June",
volume="1",
pages="927-934",
keywords="Computer Society;Computer vision;Costs;Image recognition;Image segmentation;Photometry;Shape;Solid modeling;Testing;Topology",
doi="10.1109/CVPR.2006.116",
ISSN="1063-6919",}

@article{Torsello_2003,
title = "Computing approximate tree edit distance using relaxation labeling ",
journal = "Pattern Recognition Letters ",
volume = "24",
number = "8",
pages = "1089 - 1097",
year = "2003",
note = "Graph-based Representations in Pattern Recognition ",
issn = "0167-8655",
doi = "http://dx.doi.org/10.1016/S0167-8655(02)00255-6",
author = "Andrea Torsello and Edwin R. Hancock",
keywords = "Edit distance",
keywords = "Tree matching",
keywords = "Shock trees",
keywords = "Shape recognition "
}

@INPROCEEDINGS{Winn_2005,
author="Winn, J. and Jojic, N.",
booktitle="Computer Vision, 2005. ICCV 2005. Tenth IEEE International Conference on",
title="LOCUS: learning object classes with unsupervised segmentation",
year="2005",
month="Oct",
volume="1",
pages="756-763 Vol. 1",
keywords="computer vision;edge detection;image colour analysis;image segmentation;learning (artificial intelligence);object recognition;target tracking;LOCUS;bottom-up cues;object appearance;object class learning;object color;object edge;object pose;object position;object recognition;object segmentation;object shape;unannotated images;unsupervised object discovery;unsupervised object tracking;unsupervised segmentation;Computational modeling;Computer vision;Humans;Image recognition;Image segmentation;Lighting;Object recognition;Object segmentation;Shape;Training data",
doi="10.1109/ICCV.2005.148",
ISSN="1550-5499",}

